@misc{modelio,
  author = {{Modelio}},
  title  = {Modelio Open Source},
  year   = {2025},
  url    = {https://www.modelio.org/},
  note   = {https://www.modelio.org/}
}

@misc{drawio,
  author = {{drawio}},
  title  = {Draw.io},
  year   = {2025},
  url    = {https://www.drawio.com/},
  note   = {Draw.io - Open Source diagramming Tool for teams, https://www.drawio.com/}
}

